@manual{ap500,
title = {Versuchsanleitung zu Versuch Nr. 500 Der Photoeffekt},
year = 2023,
organization = {Fakult√§t Physik, TU Dortmund},
}
